% Encoding: UTF-8

@Article{,
}

@Book{chiang2000,
  author    = {Chiang, Leo H and Russell, Evan L and Braatz, Richard D},
  publisher = {Springer Science \& Business Media},
  title     = {Fault detection and diagnosis in industrial systems},
  year      = {2000},
}

@Article{joe2003,
  author    = {Joe Qin, S},
  journal   = {Journal of Chemometrics: A Journal of the Chemometrics Society},
  title     = {Statistical process monitoring: basics and beyond},
  year      = {2003},
  number    = {8-9},
  pages     = {480--502},
  volume    = {17},
  publisher = {Wiley Online Library},
}

@Comment{jabref-meta: databaseType:bibtex;}
